@Book{xie2015,
  author = {Yihui Xie},
  title = {Dynamic Documents with {R} and knitr},
  publisher = {Chapman and Hall/CRC},
  address = {Boca Raton, Florida},
  year = {2015},
  edition = {2nd},
  note = {ISBN 978-1498716963},
  url = {http://yihui.name/knitr/}
}

@Book{AdvancedR,
  author = {Wickham Hadley},
  title = {Advanced R},
  publisher = {Chapman and Hall/CRC},
  address = {Boca Raton, Florida},
  year = {2019},
  edition = {2nd},
  note = {ISBN 978-0815384571},
  url = {https://adv-r.hadley.nz/}
}

@book{R4DS,
author = {Wickham, Hadley and Grolemund, Garrett},
title = {R for Data Science: Import, Tidy, Transform, Visualize, and Model Data},
year = {2017},
isbn = {1491910399},
publisher = {O'Reilly Media, Inc.},
edition = {1st}
}

@book{thinkrShiny,
title = "Engineering Production-Grade Shiny Apps",
author = "Colin Fay and Sebastien Rochette and Vincent Guyader and Cervan Girard",
publisher = "Chapman and Hall/CRC ",
year = "2020"
}

@book{wickham2021mastering,
  title={Mastering Shiny: Build Interactive Apps, Reports, and Dashboards Powered by R},
  author={Wickham Hadley},
  isbn={9781492047384},
  url={https://books.google.ch/books?id=nrvAzQEACAAJ},
  year={2021},
  publisher={O'Reilly Media, Incorporated}
}

@book{coene2021javascript,
  title={Javascript for R},
  author={Coene, J.},
  isbn={9781000408171},
  lccn={2021008502},
  series={Chapman \& Hall/CRC The R Series},
  url={https://books.google.ch/books?id=ntUxEAAAQBAJ},
  year={2021},
  publisher={CRC Press}
}